<?xml version="1.0" encoding="UTF-8"?><record xmlns="http://www.loc.gov/MARC21/slim" xmlns:cinclude="http://apache.org/cocoon/include/1.0" xmlns:zs="http://www.loc.gov/zing/srw/">
  <leader>00431cz  a2200145n  4500</leader>
  <controlfield tag="001">n  83063061 </controlfield>
  <controlfield tag="003">DLC</controlfield>
  <controlfield tag="005">20080502074817.0</controlfield>
  <controlfield tag="008">830527n| acannaabn          |n aaa      </controlfield>
  <datafield tag="010" ind1=" " ind2=" ">
    <subfield code="a">n  83063061 </subfield>
  </datafield>
  <datafield tag="035" ind1=" " ind2=" ">
    <subfield code="a">(OCoLC)oca00946757</subfield>
  </datafield>
  <datafield tag="040" ind1=" " ind2=" ">
    <subfield code="a">DLC</subfield>
    <subfield code="b">eng</subfield>
    <subfield code="c">DLC</subfield>
    <subfield code="d">Uk</subfield>
    <subfield code="d">Nz</subfield>
  </datafield>
  <datafield tag="100" ind1="1" ind2=" ">
    <subfield code="a">Clifford, Linda</subfield>
  </datafield>
  <datafield tag="670" ind1=" " ind2=" ">
    <subfield code="a">Scotney, T. Child abuse, 1982 (a.e.)</subfield>
    <subfield code="b">t.p. (Linda Clifford)</subfield>
  </datafield>
  <datafield tag="670" ind1=" " ind2=" ">
    <subfield code="a">NZ files, Apr. 24, 2008</subfield>
    <subfield code="b">(hdg.: Clifford, Linda, 1960-)</subfield>
  </datafield>
</record>